@ARTICLE{Batygin2015,
       author = {{Batygin}, Konstantin and {Laughlin}, Greg},
        title = "{Jupiter's decisive role in the inner Solar System's early evolution}",
      journal = {Proceedings of the National Academy of Science},
     keywords = {Astrophysics - Earth and Planetary Astrophysics},
         year = 2015,
        month = apr,
       volume = {112},
       number = {14},
        pages = {4214-4217},
          doi = {10.1073/pnas.1423252112},
archivePrefix = {arXiv},
       eprint = {1503.06945},
 primaryClass = {astro-ph.EP},
       adsurl = {https://ui.adsabs.harvard.edu/abs/2015PNAS..112.4214B},
      adsnote = {Provided by the SAO/NASA Astrophysics Data System}
}


@ARTICLE{Hall2018,
       author = {{Hall}, Richard D. and {Thompson}, Samantha J. and {Handley}, Will and {Queloz}, Didier},
        title = "{On the Feasibility of Intense Radial Velocity Surveys for Earth-Twin Discoveries}",
      journal = {\mnras},
     keywords = {methods: data analysis, methods: statistical, techniques: radial velocities, Sun: activity, planets and satellites: detection, stars: activity, Astrophysics - Earth and Planetary Astrophysics},
         year = 2018,
        month = sep,
       volume = {479},
       number = {3},
        pages = {2968-2987},
          doi = {10.1093/mnras/sty1464},
archivePrefix = {arXiv},
       eprint = {1806.00518},
 primaryClass = {astro-ph.EP},
       adsurl = {https://ui.adsabs.harvard.edu/abs/2018MNRAS.479.2968H},
      adsnote = {Provided by the SAO/NASA Astrophysics Data System}
}


@ARTICLE{Correia2005,
       author = {{Correia}, A.~C.~M. and {Udry}, S. and {Mayor}, M. and {Laskar}, J. and {Naef}, D. and {Pepe}, F. and {Queloz}, D. and {Santos}, N.~C.},
        title = "{The CORALIE survey for southern extra-solar planets. XIII. A pair of planets around HD{\,}202206 or a circumbinary planet?}",
      journal = {\aap},
     keywords = {techniques: radial velocities, techniques: spectroscopic, stars: individual: HD 202206, stars: binaries: general, stars: planetary systems, Astrophysics},
         year = 2005,
        month = sep,
       volume = {440},
       number = {2},
        pages = {751-758},
          doi = {10.1051/0004-6361:20042376},
archivePrefix = {arXiv},
       eprint = {astro-ph/0411512},
 primaryClass = {astro-ph},
       adsurl = {https://ui.adsabs.harvard.edu/abs/2005A&A...440..751C},
      adsnote = {Provided by the SAO/NASA Astrophysics Data System}
}


@ARTICLE{Gaia2016,
       author = {{Gaia Collaboration} and {Prusti}, T. and {de Bruijne}, J.~H.~J. and {Brown}, A.~G.~A. and {Vallenari}, A. and {Babusiaux}, C. and {Bailer-Jones}, C.~A.~L. and {Bastian}, U. and {Biermann}, M. and {Evans}, D.~W. and {Eyer}, L. and {Jansen}, F. and {Jordi}, C. and {Klioner}, S.~A. and {Lammers}, U. and {Lindegren}, L. and {Luri}, X. and {Mignard}, F. and {Milligan}, D.~J. and {Panem}, C. and {Poinsignon}, V. and {Pourbaix}, D. and {Randich}, S. and {Sarri}, G. and {Sartoretti}, P. and {Siddiqui}, H.~I. and {Soubiran}, C. and {Valette}, V. and {van Leeuwen}, F. and {Walton}, N.~A. and {Aerts}, C. and {Arenou}, F. and {Cropper}, M. and {Drimmel}, R. and {H{\o}g}, E. and {Katz}, D. and {Lattanzi}, M.~G. and {O'Mullane}, W. and {Grebel}, E.~K. and {Holland}, A.~D. and {Huc}, C. and {Passot}, X. and {Bramante}, L. and {Cacciari}, C. and {Casta{\~n}eda}, J. and {Chaoul}, L. and {Cheek}, N. and {De Angeli}, F. and {Fabricius}, C. and {Guerra}, R. and {Hern{\'a}ndez}, J. and {Jean-Antoine-Piccolo}, A. and {Masana}, E. and {Messineo}, R. and {Mowlavi}, N. and {Nienartowicz}, K. and {Ord{\'o}{\~n}ez-Blanco}, D. and {Panuzzo}, P. and {Portell}, J. and {Richards}, P.~J. and {Riello}, M. and {Seabroke}, G.~M. and {Tanga}, P. and {Th{\'e}venin}, F. and {Torra}, J. and {Els}, S.~G. and {Gracia-Abril}, G. and {Comoretto}, G. and {Garcia-Reinaldos}, M. and {Lock}, T. and {Mercier}, E. and {Altmann}, M. and {Andrae}, R. and {Astraatmadja}, T.~L. and {Bellas-Velidis}, I. and {Benson}, K. and {Berthier}, J. and {Blomme}, R. and {Busso}, G. and {Carry}, B. and {Cellino}, A. and {Clementini}, G. and {Cowell}, S. and {Creevey}, O. and {Cuypers}, J. and {Davidson}, M. and {De Ridder}, J. and {de Torres}, A. and {Delchambre}, L. and {Dell'Oro}, A. and {Ducourant}, C. and {Fr{\'e}mat}, Y. and {Garc{\'\i}a-Torres}, M. and {Gosset}, E. and {Halbwachs}, J. -L. and {Hambly}, N.~C. and {Harrison}, D.~L. and {Hauser}, M. and {Hestroffer}, D. and {Hodgkin}, S.~T. and {Huckle}, H.~E. and {Hutton}, A. and {Jasniewicz}, G. and {Jordan}, S. and {Kontizas}, M. and {Korn}, A.~J. and {Lanzafame}, A.~C. and {Manteiga}, M. and {Moitinho}, A. and {Muinonen}, K. and {Osinde}, J. and {Pancino}, E. and {Pauwels}, T. and {Petit}, J. -M. and {Recio-Blanco}, A. and {Robin}, A.~C. and {Sarro}, L.~M. and {Siopis}, C. and {Smith}, M. and {Smith}, K.~W. and {Sozzetti}, A. and {Thuillot}, W. and {van Reeven}, W. and {Viala}, Y. and {Abbas}, U. and {Abreu Aramburu}, A. and {Accart}, S. and {Aguado}, J.~J. and {Allan}, P.~M. and {Allasia}, W. and {Altavilla}, G. and {{\'A}lvarez}, M.~A. and {Alves}, J. and {Anderson}, R.~I. and {Andrei}, A.~H. and {Anglada Varela}, E. and {Antiche}, E. and {Antoja}, T. and {Ant{\'o}n}, S. and {Arcay}, B. and {Atzei}, A. and {Ayache}, L. and {Bach}, N. and {Baker}, S.~G. and {Balaguer-N{\'u}{\~n}ez}, L. and {Barache}, C. and {Barata}, C. and {Barbier}, A. and {Barblan}, F. and {Baroni}, M. and {Barrado y Navascu{\'e}s}, D. and {Barros}, M. and {Barstow}, M.~A. and {Becciani}, U. and {Bellazzini}, M. and {Bellei}, G. and {Bello Garc{\'\i}a}, A. and {Belokurov}, V. and {Bendjoya}, P. and {Berihuete}, A. and {Bianchi}, L. and {Bienaym{\'e}}, O. and {Billebaud}, F. and {Blagorodnova}, N. and {Blanco-Cuaresma}, S. and {Boch}, T. and {Bombrun}, A. and {Borrachero}, R. and {Bouquillon}, S. and {Bourda}, G. and {Bouy}, H. and {Bragaglia}, A. and {Breddels}, M.~A. and {Brouillet}, N. and {Br{\"u}semeister}, T. and {Bucciarelli}, B. and {Budnik}, F. and {Burgess}, P. and {Burgon}, R. and {Burlacu}, A. and {Busonero}, D. and {Buzzi}, R. and {Caffau}, E. and {Cambras}, J. and {Campbell}, H. and {Cancelliere}, R. and {Cantat-Gaudin}, T. and {Carlucci}, T. and {Carrasco}, J.~M. and {Castellani}, M. and {Charlot}, P. and {Charnas}, J. and {Charvet}, P. and {Chassat}, F. and {Chiavassa}, A. and {Clotet}, M. and {Cocozza}, G. and {Collins}, R.~S. and {Collins}, P. and {Costigan}, G. and {Crifo}, F. and {Cross}, N.~J.~G. and {Crosta}, M. and {Crowley}, C. and {Dafonte}, C. and {Damerdji}, Y. and {Dapergolas}, A. and {David}, P. and {David}, M. and {De Cat}, P. and {de Felice}, F. and {de Laverny}, P. and {De Luise}, F. and {De March}, R. and {de Martino}, D. and {de Souza}, R. and {Debosscher}, J. and {del Pozo}, E. and {Delbo}, M. and {Delgado}, A. and {Delgado}, H.~E. and {di Marco}, F. and {Di Matteo}, P. and {Diakite}, S. and {Distefano}, E. and {Dolding}, C. and {Dos Anjos}, S. and {Drazinos}, P. and {Dur{\'a}n}, J. and {Dzigan}, Y. and {Ecale}, E. and {Edvardsson}, B. and {Enke}, H. and {Erdmann}, M. and {Escolar}, D. and {Espina}, M. and {Evans}, N.~W. and {Eynard Bontemps}, G. and {Fabre}, C. and {Fabrizio}, M. and {Faigler}, S. and {Falc{\~a}o}, A.~J. and {Farr{\`a}s Casas}, M. and {Faye}, F. and {Federici}, L. and {Fedorets}, G. and {Fern{\'a}ndez-Hern{\'a}ndez}, J. and {Fernique}, P. and {Fienga}, A. and {Figueras}, F. and {Filippi}, F. and {Findeisen}, K. and {Fonti}, A. and {Fouesneau}, M. and {Fraile}, E. and {Fraser}, M. and {Fuchs}, J. and {Furnell}, R. and {Gai}, M. and {Galleti}, S. and {Galluccio}, L. and {Garabato}, D. and {Garc{\'\i}a-Sedano}, F. and {Gar{\'e}}, P. and {Garofalo}, A. and {Garralda}, N. and {Gavras}, P. and {Gerssen}, J. and {Geyer}, R. and {Gilmore}, G. and {Girona}, S. and {Giuffrida}, G. and {Gomes}, M. and {Gonz{\'a}lez-Marcos}, A. and {Gonz{\'a}lez-N{\'u}{\~n}ez}, J. and {Gonz{\'a}lez-Vidal}, J.~J. and {Granvik}, M. and {Guerrier}, A. and {Guillout}, P. and {Guiraud}, J. and {G{\'u}rpide}, A. and {Guti{\'e}rrez-S{\'a}nchez}, R. and {Guy}, L.~P. and {Haigron}, R. and {Hatzidimitriou}, D. and {Haywood}, M. and {Heiter}, U. and {Helmi}, A. and {Hobbs}, D. and {Hofmann}, W. and {Holl}, B. and {Holland}, G. and {Hunt}, J.~A.~S. and {Hypki}, A. and {Icardi}, V. and {Irwin}, M. and {Jevardat de Fombelle}, G. and {Jofr{\'e}}, P. and {Jonker}, P.~G. and {Jorissen}, A. and {Julbe}, F. and {Karampelas}, A. and {Kochoska}, A. and {Kohley}, R. and {Kolenberg}, K. and {Kontizas}, E. and {Koposov}, S.~E. and {Kordopatis}, G. and {Koubsky}, P. and {Kowalczyk}, A. and {Krone-Martins}, A. and {Kudryashova}, M. and {Kull}, I. and {Bachchan}, R.~K. and {Lacoste-Seris}, F. and {Lanza}, A.~F. and {Lavigne}, J. -B. and {Le Poncin-Lafitte}, C. and {Lebreton}, Y. and {Lebzelter}, T. and {Leccia}, S. and {Leclerc}, N. and {Lecoeur-Taibi}, I. and {Lemaitre}, V. and {Lenhardt}, H. and {Leroux}, F. and {Liao}, S. and {Licata}, E. and {Lindstr{\o}m}, H.~E.~P. and {Lister}, T.~A. and {Livanou}, E. and {Lobel}, A. and {L{\"o}ffler}, W. and {L{\'o}pez}, M. and {Lopez-Lozano}, A. and {Lorenz}, D. and {Loureiro}, T. and {MacDonald}, I. and {Magalh{\~a}es Fernandes}, T. and {Managau}, S. and {Mann}, R.~G. and {Mantelet}, G. and {Marchal}, O. and {Marchant}, J.~M. and {Marconi}, M. and {Marie}, J. and {Marinoni}, S. and {Marrese}, P.~M. and {Marschalk{\'o}}, G. and {Marshall}, D.~J. and {Mart{\'\i}n-Fleitas}, J.~M. and {Martino}, M. and {Mary}, N. and {Matijevi{\v{c}}}, G. and {Mazeh}, T. and {McMillan}, P.~J. and {Messina}, S. and {Mestre}, A. and {Michalik}, D. and {Millar}, N.~R. and {Miranda}, B.~M.~H. and {Molina}, D. and {Molinaro}, R. and {Molinaro}, M. and {Moln{\'a}r}, L. and {Moniez}, M. and {Montegriffo}, P. and {Monteiro}, D. and {Mor}, R. and {Mora}, A. and {Morbidelli}, R. and {Morel}, T. and {Morgenthaler}, S. and {Morley}, T. and {Morris}, D. and {Mulone}, A.~F. and {Muraveva}, T. and {Musella}, I. and {Narbonne}, J. and {Nelemans}, G. and {Nicastro}, L. and {Noval}, L. and {Ord{\'e}novic}, C. and {Ordieres-Mer{\'e}}, J. and {Osborne}, P. and {Pagani}, C. and {Pagano}, I. and {Pailler}, F. and {Palacin}, H. and {Palaversa}, L. and {Parsons}, P. and {Paulsen}, T. and {Pecoraro}, M. and {Pedrosa}, R. and {Pentik{\"a}inen}, H. and {Pereira}, J. and {Pichon}, B. and {Piersimoni}, A.~M. and {Pineau}, F. -X. and {Plachy}, E. and {Plum}, G. and {Poujoulet}, E. and {Pr{\v{s}}a}, A. and {Pulone}, L. and {Ragaini}, S. and {Rago}, S. and {Rambaux}, N. and {Ramos-Lerate}, M. and {Ranalli}, P. and {Rauw}, G. and {Read}, A. and {Regibo}, S. and {Renk}, F. and {Reyl{\'e}}, C. and {Ribeiro}, R.~A. and {Rimoldini}, L. and {Ripepi}, V. and {Riva}, A. and {Rixon}, G. and {Roelens}, M. and {Romero-G{\'o}mez}, M. and {Rowell}, N. and {Royer}, F. and {Rudolph}, A. and {Ruiz-Dern}, L. and {Sadowski}, G. and {Sagrist{\`a} Sell{\'e}s}, T. and {Sahlmann}, J. and {Salgado}, J. and {Salguero}, E. and {Sarasso}, M. and {Savietto}, H. and {Schnorhk}, A. and {Schultheis}, M. and {Sciacca}, E. and {Segol}, M. and {Segovia}, J.~C. and {Segransan}, D. and {Serpell}, E. and {Shih}, I. -C. and {Smareglia}, R. and {Smart}, R.~L. and {Smith}, C. and {Solano}, E. and {Solitro}, F. and {Sordo}, R. and {Soria Nieto}, S. and {Souchay}, J. and {Spagna}, A. and {Spoto}, F. and {Stampa}, U. and {Steele}, I.~A. and {Steidelm{\"u}ller}, H. and {Stephenson}, C.~A. and {Stoev}, H. and {Suess}, F.~F. and {S{\"u}veges}, M. and {Surdej}, J. and {Szabados}, L. and {Szegedi-Elek}, E. and {Tapiador}, D. and {Taris}, F. and {Tauran}, G. and {Taylor}, M.~B. and {Teixeira}, R. and {Terrett}, D. and {Tingley}, B. and {Trager}, S.~C. and {Turon}, C. and {Ulla}, A. and {Utrilla}, E. and {Valentini}, G. and {van Elteren}, A. and {Van Hemelryck}, E. and {van Leeuwen}, M. and {Varadi}, M. and {Vecchiato}, A. and {Veljanoski}, J. and {Via}, T. and {Vicente}, D. and {Vogt}, S. and {Voss}, H. and {Votruba}, V. and {Voutsinas}, S. and {Walmsley}, G. and {Weiler}, M. and {Weingrill}, K. and {Werner}, D. and {Wevers}, T. and {Whitehead}, G. and {Wyrzykowski}, {\L}. and {Yoldas}, A. and {{\v{Z}}erjal}, M. and {Zucker}, S. and {Zurbach}, C. and {Zwitter}, T. and {Alecu}, A. and {Allen}, M. and {Allende Prieto}, C. and {Amorim}, A. and {Anglada-Escud{\'e}}, G. and {Arsenijevic}, V. and {Azaz}, S. and {Balm}, P. and {Beck}, M. and {Bernstein}, H. -H. and {Bigot}, L. and {Bijaoui}, A. and {Blasco}, C. and {Bonfigli}, M. and {Bono}, G. and {Boudreault}, S. and {Bressan}, A. and {Brown}, S. and {Brunet}, P. -M. and {Bunclark}, P. and {Buonanno}, R. and {Butkevich}, A.~G. and {Carret}, C. and {Carrion}, C. and {Chemin}, L. and {Ch{\'e}reau}, F. and {Corcione}, L. and {Darmigny}, E. and {de Boer}, K.~S. and {de Teodoro}, P. and {de Zeeuw}, P.~T. and {Delle Luche}, C. and {Domingues}, C.~D. and {Dubath}, P. and {Fodor}, F. and {Fr{\'e}zouls}, B. and {Fries}, A. and {Fustes}, D. and {Fyfe}, D. and {Gallardo}, E. and {Gallegos}, J. and {Gardiol}, D. and {Gebran}, M. and {Gomboc}, A. and {G{\'o}mez}, A. and {Grux}, E. and {Gueguen}, A. and {Heyrovsky}, A. and {Hoar}, J. and {Iannicola}, G. and {Isasi Parache}, Y. and {Janotto}, A. -M. and {Joliet}, E. and {Jonckheere}, A. and {Keil}, R. and {Kim}, D. -W. and {Klagyivik}, P. and {Klar}, J. and {Knude}, J. and {Kochukhov}, O. and {Kolka}, I. and {Kos}, J. and {Kutka}, A. and {Lainey}, V. and {LeBouquin}, D. and {Liu}, C. and {Loreggia}, D. and {Makarov}, V.~V. and {Marseille}, M.~G. and {Martayan}, C. and {Martinez-Rubi}, O. and {Massart}, B. and {Meynadier}, F. and {Mignot}, S. and {Munari}, U. and {Nguyen}, A. -T. and {Nordlander}, T. and {Ocvirk}, P. and {O'Flaherty}, K.~S. and {Olias Sanz}, A. and {Ortiz}, P. and {Osorio}, J. and {Oszkiewicz}, D. and {Ouzounis}, A. and {Palmer}, M. and {Park}, P. and {Pasquato}, E. and {Peltzer}, C. and {Peralta}, J. and {P{\'e}turaud}, F. and {Pieniluoma}, T. and {Pigozzi}, E. and {Poels}, J. and {Prat}, G. and {Prod'homme}, T. and {Raison}, F. and {Rebordao}, J.~M. and {Risquez}, D. and {Rocca-Volmerange}, B. and {Rosen}, S. and {Ruiz-Fuertes}, M.~I. and {Russo}, F. and {Sembay}, S. and {Serraller Vizcaino}, I. and {Short}, A. and {Siebert}, A. and {Silva}, H. and {Sinachopoulos}, D. and {Slezak}, E. and {Soffel}, M. and {Sosnowska}, D. and {Strai{\v{z}}ys}, V. and {ter Linden}, M. and {Terrell}, D. and {Theil}, S. and {Tiede}, C. and {Troisi}, L. and {Tsalmantza}, P. and {Tur}, D. and {Vaccari}, M. and {Vachier}, F. and {Valles}, P. and {Van Hamme}, W. and {Veltz}, L. and {Virtanen}, J. and {Wallut}, J. -M. and {Wichmann}, R. and {Wilkinson}, M.~I. and {Ziaeepour}, H. and {Zschocke}, S.},
        title = "{The Gaia mission}",
      journal = {\aap},
     keywords = {space vehicles: instruments, Galaxy: structure, astrometry, parallaxes, proper motions, telescopes, Astrophysics - Instrumentation and Methods for Astrophysics},
         year = 2016,
        month = nov,
       volume = {595},
          eid = {A1},
        pages = {A1},
          doi = {10.1051/0004-6361/201629272},
archivePrefix = {arXiv},
       eprint = {1609.04153},
 primaryClass = {astro-ph.IM},
       adsurl = {https://ui.adsabs.harvard.edu/abs/2016A&A...595A...1G},
      adsnote = {Provided by the SAO/NASA Astrophysics Data System}
}



@ARTICLE{Tsiganis2005,
       author = {{Tsiganis}, K. and {Gomes}, R. and {Morbidelli}, A. and {Levison}, H.~F.},
        title = "{Origin of the orbital architecture of the giant planets of the Solar System}",
      journal = {\nat},
         year = 2005,
        month = may,
       volume = {435},
       number = {7041},
        pages = {459-461},
          doi = {10.1038/nature03539},
       adsurl = {https://ui.adsabs.harvard.edu/abs/2005Natur.435..459T},
      adsnote = {Provided by the SAO/NASA Astrophysics Data System}
}


@ARTICLE{Morbidelli2005,
       author = {{Morbidelli}, A. and {Levison}, H.~F. and {Tsiganis}, K. and {Gomes}, R.},
        title = "{Chaotic capture of Jupiter's Trojan asteroids in the early Solar System}",
      journal = {\nat},
         year = 2005,
        month = may,
       volume = {435},
       number = {7041},
        pages = {462-465},
          doi = {10.1038/nature03540},
       adsurl = {https://ui.adsabs.harvard.edu/abs/2005Natur.435..462M},
      adsnote = {Provided by the SAO/NASA Astrophysics Data System}
}


@ARTICLE{Gomes2005,
       author = {{Gomes}, R. and {Levison}, H.~F. and {Tsiganis}, K. and {Morbidelli}, A.},
        title = "{Origin of the cataclysmic Late Heavy Bombardment period of the terrestrial planets}",
      journal = {\nat},
         year = 2005,
        month = may,
       volume = {435},
       number = {7041},
        pages = {466-469},
          doi = {10.1038/nature03676},
       adsurl = {https://ui.adsabs.harvard.edu/abs/2005Natur.435..466G},
      adsnote = {Provided by the SAO/NASA Astrophysics Data System}
}




@ARTICLE{Wolszczan1992,
       author = {{Wolszczan}, A. and {Frail}, D.~A.},
        title = "{A planetary system around the millisecond pulsar PSR1257 + 12}",
      journal = {\nat},
     keywords = {Binary Stars, Extrasolar Planets, Orbital Mechanics, Planetary Systems, Pulsars, Accretion Disks, Least Squares Method, Neutron Stars, Radio Astronomy, Supernova Remnants, Astrophysics},
         year = 1992,
        month = jan,
       volume = {355},
       number = {6356},
        pages = {145-147},
          doi = {10.1038/355145a0},
       adsurl = {https://ui.adsabs.harvard.edu/abs/1992Natur.355..145W},
      adsnote = {Provided by the SAO/NASA Astrophysics Data System}
}


@ARTICLE{Latham1989,
       author = {{Latham}, David W. and {Mazeh}, Tsevi and {Stefanik}, Robert P. and {Mayor}, Michel and {Burki}, Gilbert},
        title = "{The unseen companion of HD114762: a probable brown dwarf}",
      journal = {\nat},
     keywords = {Brown Dwarf Stars, Companion Stars, Stellar Orbits, Extrasolar Planets, Orbital Mechanics, Stellar Mass, Astrophysics},
         year = 1989,
        month = may,
       volume = {339},
       number = {6219},
        pages = {38-40},
          doi = {10.1038/339038a0},
       adsurl = {https://ui.adsabs.harvard.edu/abs/1989Natur.339...38L},
      adsnote = {Provided by the SAO/NASA Astrophysics Data System}
}



@ARTICLE{Johnson2020,
       author = {{Johnson}, Samson A. and {Penny}, Matthew and {Gaudi}, B. Scott and {Kerins}, Eamonn and {Rattenbury}, Nicholas J. and {Robin}, Annie C. and {Calchi Novati}, Sebastiano and {Henderson}, Calen B.},
        title = "{Predictions of the Nancy Grace Roman Space Telescope Galactic Exoplanet Survey. II. Free-floating Planet Detection Rates}",
      journal = {\aj},
     keywords = {Gravitational microlensing, Free floating planets, Space telescopes, Exoplanet detection methods, 672, 549, 1547, 489, Astrophysics - Earth and Planetary Astrophysics, Astrophysics - Astrophysics of Galaxies, Astrophysics - Instrumentation and Methods for Astrophysics, Astrophysics - Solar and Stellar Astrophysics},
         year = 2020,
        month = sep,
       volume = {160},
       number = {3},
          eid = {123},
        pages = {123},
          doi = {10.3847/1538-3881/aba75b},
archivePrefix = {arXiv},
       eprint = {2006.10760},
 primaryClass = {astro-ph.EP},
       adsurl = {https://ui.adsabs.harvard.edu/abs/2020AJ....160..123J},
      adsnote = {Provided by the SAO/NASA Astrophysics Data System}
}



@ARTICLE{Penny2019,
       author = {{Penny}, Matthew T. and {Gaudi}, B. Scott and {Kerins}, Eamonn and {Rattenbury}, Nicholas J. and {Mao}, Shude and {Robin}, Annie C. and {Calchi Novati}, Sebastiano},
        title = "{Predictions of the WFIRST Microlensing Survey. I. Bound Planet Detection Rates}",
      journal = {\apjs},
     keywords = {gravitational lensing: micro, planets and satellites: detection, space vehicles: instruments, Astrophysics - Earth and Planetary Astrophysics},
         year = 2019,
        month = mar,
       volume = {241},
       number = {1},
          eid = {3},
        pages = {3},
          doi = {10.3847/1538-4365/aafb69},
archivePrefix = {arXiv},
       eprint = {1808.02490},
 primaryClass = {astro-ph.EP},
       adsurl = {https://ui.adsabs.harvard.edu/abs/2019ApJS..241....3P},
      adsnote = {Provided by the SAO/NASA Astrophysics Data System}
}



@ARTICLE{Sanderson2019,
       author = {{WFIRST Astrometry Working Group} and {Sanderson}, Robyn E. and {Bellini}, Andrea and {Casertano}, Stefano and {Lu}, Jessica R. and {Melchior}, Peter and {Libralato}, Mattia and {Bennett}, David and {Shao}, Michael and {Rhodes}, Jason and {Sohn}, Sangmo Tony and {Malhotra}, Sangeeta and {Gaudi}, Scott and {Fall}, S. Michael and {Nelan}, Ed and {Guhathakurta}, Puragra and {Anderson}, Jay and {Ho}, Shirley},
        title = "{Astrometry with the Wide-Field Infrared Space Telescope}",
      journal = {Journal of Astronomical Telescopes, Instruments, and Systems},
     keywords = {Astrophysics - Instrumentation and Methods for Astrophysics, Astrophysics - Earth and Planetary Astrophysics, Astrophysics - Astrophysics of Galaxies, Astrophysics - Solar and Stellar Astrophysics},
         year = 2019,
        month = oct,
       volume = {5},
          eid = {044005},
        pages = {044005},
          doi = {10.1117/1.JATIS.5.4.044005},
archivePrefix = {arXiv},
       eprint = {1712.05420},
 primaryClass = {astro-ph.IM},
       adsurl = {https://ui.adsabs.harvard.edu/abs/2019JATIS...5d4005W},
      adsnote = {Provided by the SAO/NASA Astrophysics Data System}
}



@ARTICLE{Walsh2011,
       author = {{Walsh}, Kevin J. and {Morbidelli}, Alessandro and {Raymond}, Sean N. and {O'Brien}, David P. and {Mandell}, Avi M.},
        title = "{A low mass for Mars from Jupiter's early gas-driven migration}",
      journal = {\nat},
     keywords = {Astrophysics - Earth and Planetary Astrophysics},
         year = 2011,
        month = jul,
       volume = {475},
       number = {7355},
        pages = {206-209},
          doi = {10.1038/nature10201},
archivePrefix = {arXiv},
       eprint = {1201.5177},
 primaryClass = {astro-ph.EP},
       adsurl = {https://ui.adsabs.harvard.edu/abs/2011Natur.475..206W},
      adsnote = {Provided by the SAO/NASA Astrophysics Data System}
}


@ARTICLE{Raymond2004,
       author = {{Raymond}, Sean N. and {Quinn}, Thomas and {Lunine}, Jonathan I.},
        title = "{Making other earths: dynamical simulations of terrestrial planet formation and water delivery}",
      journal = {\icarus},
     keywords = {Astrophysics},
         year = 2004,
        month = mar,
       volume = {168},
       number = {1},
        pages = {1-17},
          doi = {10.1016/j.icarus.2003.11.019},
archivePrefix = {arXiv},
       eprint = {astro-ph/0308159},
 primaryClass = {astro-ph},
       adsurl = {https://ui.adsabs.harvard.edu/abs/2004Icar..168....1R},
      adsnote = {Provided by the SAO/NASA Astrophysics Data System}
}


@ARTICLE{Casertano2008,
       author = {{Casertano}, S. and {Lattanzi}, M.~G. and {Sozzetti}, A. and {Spagna}, A. and {Jancart}, S. and {Morbidelli}, R. and {Pannunzio}, R. and {Pourbaix}, D. and {Queloz}, D.},
        title = "{Double-blind test program for astrometric planet detection with Gaia}",
      journal = {\aap},
     keywords = {stars: planetary systems, astrometry, methods: data analysis, methods: numerical, methods: statistical, stars: statistics, Astrophysics},
         year = 2008,
        month = may,
       volume = {482},
       number = {2},
        pages = {699-729},
          doi = {10.1051/0004-6361:20078997},
archivePrefix = {arXiv},
       eprint = {0802.0515},
 primaryClass = {astro-ph},
       adsurl = {https://ui.adsabs.harvard.edu/abs/2008A&A...482..699C},
      adsnote = {Provided by the SAO/NASA Astrophysics Data System}
}


@ARTICLE{Mayor1995,
       author = {{Mayor}, Michel and {Queloz}, Didier},
        title = "{A Jupiter-mass companion to a solar-type star}",
      journal = {\nat},
         year = 1995,
        month = nov,
       volume = {378},
       number = {6555},
        pages = {355-359},
          doi = {10.1038/378355a0},
       adsurl = {https://ui.adsabs.harvard.edu/abs/1995Natur.378..355M},
      adsnote = {Provided by the SAO/NASA Astrophysics Data System}
}


@ARTICLE{Knutson2014,
       author = {{Knutson}, Heather A. and {Fulton}, Benjamin J. and {Montet}, Benjamin T. and {Kao}, Melodie and {Ngo}, Henry and {Howard}, Andrew W. and {Crepp}, Justin R. and {Hinkley}, Sasha and {Bakos}, Gaspar {\'A}. and {Batygin}, Konstantin and {Johnson}, John Asher and {Morton}, Timothy D. and {Muirhead}, Philip S.},
        title = "{Friends of Hot Jupiters. I. A Radial Velocity Search for Massive, Long-period Companions to Close-in Gas Giant Planets}",
      journal = {\apj},
     keywords = {binaries: eclipsing, instrumentation: adaptive optics, planetary systems, techniques: radial velocities, Astrophysics - Earth and Planetary Astrophysics},
         year = 2014,
        month = apr,
       volume = {785},
       number = {2},
          eid = {126},
        pages = {126},
          doi = {10.1088/0004-637X/785/2/126},
archivePrefix = {arXiv},
       eprint = {1312.2954},
 primaryClass = {astro-ph.EP},
       adsurl = {https://ui.adsabs.harvard.edu/abs/2014ApJ...785..126K},
      adsnote = {Provided by the SAO/NASA Astrophysics Data System}
}


@ARTICLE{Fernandes2019,
       author = {{Fernandes}, Rachel B. and {Mulders}, Gijs D. and {Pascucci}, Ilaria and {Mordasini}, Christoph and {Emsenhuber}, Alexandre},
        title = "{Hints for a Turnover at the Snow Line in the Giant Planet Occurrence Rate}",
      journal = {\apj},
     keywords = {methods: statistical, planetary systems, planets and satellites: formation, protoplanetary disks, surveys, Astrophysics - Solar and Stellar Astrophysics},
         year = 2019,
        month = mar,
       volume = {874},
       number = {1},
          eid = {81},
        pages = {81},
          doi = {10.3847/1538-4357/ab0300},
archivePrefix = {arXiv},
       eprint = {1812.05569},
 primaryClass = {astro-ph.SR},
       adsurl = {https://ui.adsabs.harvard.edu/abs/2019ApJ...874...81F},
      adsnote = {Provided by the SAO/NASA Astrophysics Data System}
}


@ARTICLE{Masuda2020,
       author = {{Masuda}, Kento and {Winn}, Joshua N. and {Kawahara}, Hajime},
        title = "{Mutual Orbital Inclinations between Cold Jupiters and Inner Super-Earths}",
      journal = {\aj},
     keywords = {Exoplanet astronomy, Exoplanet systems, Exoplanet formation, Exoplanet evolution, Exoplanets, Extrasolar gas giants, Super Earths, Astronomy data analysis, Astrostatistics, 486, 484, 492, 491, 498, 509, 1655, 1858, 1882, Astrophysics - Earth and Planetary Astrophysics},
         year = 2020,
        month = feb,
       volume = {159},
       number = {2},
          eid = {38},
        pages = {38},
          doi = {10.3847/1538-3881/ab5c1d},
archivePrefix = {arXiv},
       eprint = {1912.00387},
 primaryClass = {astro-ph.EP},
       adsurl = {https://ui.adsabs.harvard.edu/abs/2020AJ....159...38M},
      adsnote = {Provided by the SAO/NASA Astrophysics Data System}
}


@ARTICLE{Zu2018,
       author = {{Zhu}, Wei and {Wu}, Yanqin},
        title = "{The Super Earth-Cold Jupiter Relations}",
      journal = {\aj},
     keywords = {methods: statistical, planets and satellites: general, planetary systems, Astrophysics - Earth and Planetary Astrophysics},
         year = 2018,
        month = sep,
       volume = {156},
       number = {3},
          eid = {92},
        pages = {92},
          doi = {10.3847/1538-3881/aad22a},
archivePrefix = {arXiv},
       eprint = {1805.02660},
 primaryClass = {astro-ph.EP},
       adsurl = {https://ui.adsabs.harvard.edu/abs/2018AJ....156...92Z},
      adsnote = {Provided by the SAO/NASA Astrophysics Data System}
}


@ARTICLE{Cumming2008,
       author = {{Cumming}, Andrew and {Butler}, R. Paul and {Marcy}, Geoffrey W. and {Vogt}, Steven S. and {Wright}, Jason T. and {Fischer}, Debra A.},
        title = "{The Keck Planet Search: Detectability and the Minimum Mass and Orbital Period Distribution of Extrasolar Planets}",
      journal = {\pasp},
     keywords = {Astrophysics},
         year = 2008,
        month = may,
       volume = {120},
       number = {867},
        pages = {531},
          doi = {10.1086/588487},
archivePrefix = {arXiv},
       eprint = {0803.3357},
 primaryClass = {astro-ph},
       adsurl = {https://ui.adsabs.harvard.edu/abs/2008PASP..120..531C},
      adsnote = {Provided by the SAO/NASA Astrophysics Data System}
}



@ARTICLE{Spergel2015,
       author = {{Spergel}, D. and {Gehrels}, N. and {Baltay}, C. and {Bennett}, D. and {Breckinridge}, J. and {Donahue}, M. and {Dressler}, A. and {Gaudi}, B.~S. and {Greene}, T. and {Guyon}, O. and {Hirata}, C. and {Kalirai}, J. and {Kasdin}, N.~J. and {Macintosh}, B. and {Moos}, W. and {Perlmutter}, S. and {Postman}, M. and {Rauscher}, B. and {Rhodes}, J. and {Wang}, Y. and {Weinberg}, D. and {Benford}, D. and {Hudson}, M. and {Jeong}, W. -S. and {Mellier}, Y. and {Traub}, W. and {Yamada}, T. and {Capak}, P. and {Colbert}, J. and {Masters}, D. and {Penny}, M. and {Savransky}, D. and {Stern}, D. and {Zimmerman}, N. and {Barry}, R. and {Bartusek}, L. and {Carpenter}, K. and {Cheng}, E. and {Content}, D. and {Dekens}, F. and {Demers}, R. and {Grady}, K. and {Jackson}, C. and {Kuan}, G. and {Kruk}, J. and {Melton}, M. and {Nemati}, B. and {Parvin}, B. and {Poberezhskiy}, I. and {Peddie}, C. and {Ruffa}, J. and {Wallace}, J.~K. and {Whipple}, A. and {Wollack}, E. and {Zhao}, F.},
        title = "{Wide-Field InfrarRed Survey Telescope-Astrophysics Focused Telescope Assets WFIRST-AFTA 2015 Report}",
      journal = {arXiv e-prints},
     keywords = {Astrophysics - Instrumentation and Methods for Astrophysics},
         year = 2015,
        month = mar,
          eid = {arXiv:1503.03757},
        pages = {arXiv:1503.03757},
archivePrefix = {arXiv},
       eprint = {1503.03757},
 primaryClass = {astro-ph.IM},
       adsurl = {https://ui.adsabs.harvard.edu/abs/2015arXiv150303757S},
      adsnote = {Provided by the SAO/NASA Astrophysics Data System}
}




@ARTICLE{Melchior2018,
       author = {{Melchior}, Peter and {Spergel}, David and {Lanz}, Arianna},
        title = "{In the Crosshair: Astrometric Exoplanet Detection with WFIRST's Diffraction Spikes}",
      journal = {\aj},
     keywords = {astrometry, methods: observational, planetary systems, Astrophysics - Instrumentation and Methods for Astrophysics, Astrophysics - Earth and Planetary Astrophysics},
         year = 2018,
        month = feb,
       volume = {155},
       number = {2},
          eid = {102},
        pages = {102},
          doi = {10.3847/1538-3881/aaa422},
archivePrefix = {arXiv},
       eprint = {1708.00022},
 primaryClass = {astro-ph.IM},
       adsurl = {https://ui.adsabs.harvard.edu/abs/2018AJ....155..102M},
      adsnote = {Provided by the SAO/NASA Astrophysics Data System}
}

@ARTICLE{Riess2014,
       author = {{Riess}, Adam G. and {Casertano}, Stefano and {Anderson}, Jay and {MacKenty}, John and {Filippenko}, Alexei V.},
        title = "{Parallax beyond a Kiloparsec from Spatially Scanning the Wide Field Camera 3 on the Hubble Space Telescope}",
      journal = {\apj},
     keywords = {cosmology: observations, distance scale, galaxies: distances and redshifts, Astrophysics - Instrumentation and Methods for Astrophysics, Astrophysics - Cosmology and Nongalactic Astrophysics},
         year = 2014,
        month = apr,
       volume = {785},
       number = {2},
          eid = {161},
        pages = {161},
          doi = {10.1088/0004-637X/785/2/161},
archivePrefix = {arXiv},
       eprint = {1401.0484},
 primaryClass = {astro-ph.IM},
       adsurl = {https://ui.adsabs.harvard.edu/abs/2014ApJ...785..161R},
      adsnote = {Provided by the SAO/NASA Astrophysics Data System}
}


@ARTICLE{Mayor2003,
       author = {{Mayor}, M. and {Pepe}, F. and {Queloz}, D. and {Bouchy}, F. and {Rupprecht}, G. and {Lo Curto}, G. and {Avila}, G. and {Benz}, W. and {Bertaux}, J. -L. and {Bonfils}, X. and {Dall}, Th. and {Dekker}, H. and {Delabre}, B. and {Eckert}, W. and {Fleury}, M. and {Gilliotte}, A. and {Gojak}, D. and {Guzman}, J.~C. and {Kohler}, D. and {Lizon}, J. -L. and {Longinotti}, A. and {Lovis}, C. and {Megevand}, D. and {Pasquini}, L. and {Reyes}, J. and {Sivan}, J. -P. and {Sosnowska}, D. and {Soto}, R. and {Udry}, S. and {van Kesteren}, A. and {Weber}, L. and {Weilenmann}, U.},
        title = "{Setting New Standards with HARPS}",
      journal = {The Messenger},
         year = 2003,
        month = dec,
       volume = {114},
        pages = {20-24},
       adsurl = {https://ui.adsabs.harvard.edu/abs/2003Msngr.114...20M},
      adsnote = {Provided by the SAO/NASA Astrophysics Data System}
}

@INPROCEEDINGS{Rupprecht2004,
       author = {{Rupprecht}, Gero and {Pepe}, Francesco and {Mayor}, Michel and {Queloz}, Didier and {Bouchy}, Francois and {Avila}, Gerardo and {Benz}, Willy and {Bertaux}, Jean-Loup and {Bonfils}, X. and {Dall}, Th. and {Delabre}, Bernard and {Dekker}, Hans and {Eckert}, Wolfgang and {Fleury}, Michel and {Gilliotte}, Alain and {Gojak}, Domingo and {Guzman}, Juan C. and {Kohler}, Dominique and {Lizon}, Jean-Louis and {Lo Curto}, G. and {Longinotti}, Antonio and {Lovis}, Christophe and {Megevand}, Denis and {Pasquini}, Luca and {Reyes}, Javier and {Sivan}, Jean-Pierre and {Sosnowska}, Danuta and {Soto}, R. and {Udry}, Stephane and {Van Kesteren}, Arno and {Weber}, Luc and {Weilenmann}, Ueli},
        title = "{The exoplanet hunter HARPS: performance and first results}",
    booktitle = {Ground-based Instrumentation for Astronomy},
         year = 2004,
       editor = {{Moorwood}, Alan F.~M. and {Iye}, Masanori},
       series = {Society of Photo-Optical Instrumentation Engineers (SPIE) Conference Series},
       volume = {5492},
        month = sep,
        pages = {148-159},
          doi = {10.1117/12.551267},
       adsurl = {https://ui.adsabs.harvard.edu/abs/2004SPIE.5492..148R},
      adsnote = {Provided by the SAO/NASA Astrophysics Data System}
}


@INPROCEEDINGS{Cosentino2012,
       author = {{Cosentino}, Rosario and {Lovis}, Christophe and {Pepe}, Francesco and {Collier Cameron}, Andrew and {Latham}, David W. and {Molinari}, Emilio and {Udry}, Stephane and {Bezawada}, Naidu and {Black}, Martin and {Born}, Andy and {Buchschacher}, Nicolas and {Charbonneau}, Dave and {Figueira}, Pedro and {Fleury}, Michel and {Galli}, Alberto and {Gallie}, Angus and {Gao}, Xiaofeng and {Ghedina}, Adriano and {Gonzalez}, Carlos and {Gonzalez}, Manuel and {Guerra}, Jose and {Henry}, David and {Horne}, Keith and {Hughes}, Ian and {Kelly}, Dennis and {Lodi}, Marcello and {Lunney}, David and {Maire}, Charles and {Mayor}, Michel and {Micela}, Giusi and {Ordway}, Mark P. and {Peacock}, John and {Phillips}, David and {Piotto}, Giampaolo and {Pollacco}, Don and {Queloz}, Didier and {Rice}, Ken and {Riverol}, Carlos and {Riverol}, Luis and {San Juan}, Jose and {Sasselov}, Dimitar and {Segransan}, Damien and {Sozzetti}, Alessandro and {Sosnowska}, Danuta and {Stobie}, Brian and {Szentgyorgyi}, Andrew and {Vick}, Andy and {Weber}, Luc},
        title = "{Harps-N: the new planet hunter at TNG}",
    booktitle = {Ground-based and Airborne Instrumentation for Astronomy IV},
         year = 2012,
       editor = {{McLean}, Ian S. and {Ramsay}, Suzanne K. and {Takami}, Hideki},
       series = {Society of Photo-Optical Instrumentation Engineers (SPIE) Conference Series},
       volume = {8446},
        month = sep,
          eid = {84461V},
        pages = {84461V},
          doi = {10.1117/12.925738},
       adsurl = {https://ui.adsabs.harvard.edu/abs/2012SPIE.8446E..1VC},
      adsnote = {Provided by the SAO/NASA Astrophysics Data System}
}


@INPROCEEDINGS{Thompson2016,
       author = {{Thompson}, Samantha J. and {Queloz}, Didier and {Baraffe}, Isabelle and {Brake}, Martyn and {Dolgopolov}, Andrey and {Fisher}, Martin and {Fleury}, Michel and {Geelhoed}, Joost and {Hall}, Richard and {Gonz{\'a}lez Hern{\'a}ndez}, Jonay I. and {ter Horst}, Rik and {Kragt}, Jan and {Navarro}, Ram{\'o}n and {Naylor}, Tim and {Pepe}, Francesco and {Piskunov}, Nikolai and {Rebolo}, Rafael and {Sander}, Louis and {S{\'e}gransan}, Damien and {Seneta}, Eugene and {Sing}, David and {Snellen}, Ignas and {Snik}, Frans and {Spronck}, Julien and {Stempels}, Eric and {Sun}, Xiaowei and {Santana Tschudi}, Samuel and {Young}, John},
        title = "{HARPS3 for a roboticized Isaac Newton Telescope}",
     keywords = {Astrophysics - Instrumentation and Methods for Astrophysics},
    booktitle = {Ground-based and Airborne Instrumentation for Astronomy VI},
         year = 2016,
       editor = {{Evans}, Christopher J. and {Simard}, Luc and {Takami}, Hideki},
       series = {Society of Photo-Optical Instrumentation Engineers (SPIE) Conference Series},
       volume = {9908},
        month = aug,
          eid = {99086F},
        pages = {99086F},
          doi = {10.1117/12.2232111},
archivePrefix = {arXiv},
       eprint = {1608.04611},
 primaryClass = {astro-ph.IM},
       adsurl = {https://ui.adsabs.harvard.edu/abs/2016SPIE.9908E..6FT},
      adsnote = {Provided by the SAO/NASA Astrophysics Data System}
}


@INPROCEEDINGS{Hall2016,
       author = {{Hall}, Richard D. and {Thompson}, Samantha and {Queloz}, Didier},
        title = "{Measuring the effective pixel positions for the HARPS3 CCD}",
    booktitle = {High Energy, Optical, and Infrared Detectors for Astronomy VII},
         year = 2016,
       editor = {{Holland}, Andrew D. and {Beletic}, James},
       series = {Society of Photo-Optical Instrumentation Engineers (SPIE) Conference Series},
       volume = {9915},
        month = jul,
          eid = {991525},
        pages = {991525},
          doi = {10.1117/12.2232487},
       adsurl = {https://ui.adsabs.harvard.edu/abs/2016SPIE.9915E..25H},
      adsnote = {Provided by the SAO/NASA Astrophysics Data System}
}



@INPROCEEDINGS{Bernstein1995,
       author = {{Bernstein}, H. -H. and {Bastian}, U.},
        title = "{Finding Planets and Brown Dwarfs with Gaia}",
    booktitle = {Future Possibilities for bstrometry in Space},
         year = 1995,
       editor = {{Perryman}, M.~A.~C. and {van Leeuwen}, F.},
       series = {ESA Special Publication},
       volume = {379},
        month = jan,
        pages = {55},
       adsurl = {https://ui.adsabs.harvard.edu/abs/1995ESASP.379...55B},
      adsnote = {Provided by the SAO/NASA Astrophysics Data System}
}




@article{Casertano1996,
	Abstract = {The proposed baseline GAIA mission will be able to detect the astrometric signature of Jupiter-size planets around of the order of a million stars, using either global or narrow-angle astrometry. If the mission can realize the higher astrometric accuracy that photon statistics allows for bright stars, lower-mass planets (from Earth size to ten times larger) can be found around ten to a few hundred stars.},
	Author = {Casertano, S. and Lattanzi, M. G. and Perryman, M. A. C. and Spagna, A.},
	Da = {1996/03/01},
	Date-Added = {2021-03-18 19:55:11 +0000},
	Date-Modified = {2021-03-18 19:55:11 +0000},
	Doi = {10.1007/BF00644218},
	Id = {Casertano1996},
	Isbn = {1572-946X},
	Journal = {Astrophysics and Space Science},
	Number = {1},
	Pages = {89--104},
	Title = {Astrometry from space: GAIA and planet detection},
	Ty = {JOUR},
	Url = {https://doi.org/10.1007/BF00644218},
	Volume = {241},
	Year = {1996},
	Bdsk-Url-1 = {https://doi.org/10.1007/BF00644218},
	Bdsk-Url-2 = {http://dx.doi.org/10.1007/BF00644218}}
	
	
@ARTICLE{Casertano2008,
       author = {{Casertano}, S. and {Lattanzi}, M.~G. and {Sozzetti}, A. and {Spagna}, A. and {Jancart}, S. and {Morbidelli}, R. and {Pannunzio}, R. and {Pourbaix}, D. and {Queloz}, D.},
        title = "{Double-blind test program for astrometric planet detection with Gaia}",
      journal = {\aap},
     keywords = {stars: planetary systems, astrometry, methods: data analysis, methods: numerical, methods: statistical, stars: statistics, Astrophysics},
         year = 2008,
        month = may,
       volume = {482},
       number = {2},
        pages = {699-729},
          doi = {10.1051/0004-6361:20078997},
archivePrefix = {arXiv},
       eprint = {0802.0515},
 primaryClass = {astro-ph},
       adsurl = {https://ui.adsabs.harvard.edu/abs/2008A&A...482..699C},
      adsnote = {Provided by the SAO/NASA Astrophysics Data System}
}


@ARTICLE{Perryman2014,
       author = {{Perryman}, Michael and {Hartman}, Joel and {Bakos}, G{\'a}sp{\'a}r {\'A}. and {Lindegren}, Lennart},
        title = "{Astrometric Exoplanet Detection with Gaia}",
      journal = {\apj},
     keywords = {astrometry, planets and satellites: general, space vehicles: instruments, Astrophysics - Earth and Planetary Astrophysics},
         year = 2014,
        month = dec,
       volume = {797},
       number = {1},
          eid = {14},
        pages = {14},
          doi = {10.1088/0004-637X/797/1/14},
archivePrefix = {arXiv},
       eprint = {1411.1173},
 primaryClass = {astro-ph.EP},
       adsurl = {https://ui.adsabs.harvard.edu/abs/2014ApJ...797...14P},
      adsnote = {Provided by the SAO/NASA Astrophysics Data System}
}

@ARTICLE{Ranalli2018,
       author = {{Ranalli}, P. and {Hobbs}, D. and {Lindegren}, L.},
        title = "{Astrometry and exoplanets in the Gaia era: a Bayesian approach to detection and parameter recovery}",
      journal = {\aap},
     keywords = {methods: statistical, astrometry, methods: numerical, techniques: miscellaneous, celestial mechanics, planetary systems, Astrophysics - Earth and Planetary Astrophysics, Astrophysics - Instrumentation and Methods for Astrophysics},
         year = 2018,
        month = jun,
       volume = {614},
          eid = {A30},
        pages = {A30},
          doi = {10.1051/0004-6361/201730921},
archivePrefix = {arXiv},
       eprint = {1704.02493},
 primaryClass = {astro-ph.EP},
       adsurl = {https://ui.adsabs.harvard.edu/abs/2018A&A...614A..30R},
      adsnote = {Provided by the SAO/NASA Astrophysics Data System}
}


@misc{Foreman-Mackey2021,
  author = {Daniel Foreman-Mackey and Arjun Savel and Rodrigo Luger and
            Ian Czekala and Eric Agol and Adrian Price-Whelan and
            Christina Hedges and Emily Gilbert and Tom Barclay and Luke Bouma
            and Timothy D. Brandt},
   title = {exoplanet-dev/exoplanet v0.4.5},
   month = mar,
    year = 2021,
     doi = {10.5281/zenodo.1998447},
     url = {https://doi.org/10.5281/zenodo.1998447}
}


@article{Salvatier2016,
    title={Probabilistic programming in Python using PyMC3},
   author={Salvatier, John and Wiecki, Thomas V and Fonnesbeck, Christopher},
  journal={PeerJ Computer Science},
   volume={2},
    pages={e55},
     year={2016},
publisher={PeerJ Inc.}
}